<record><leader>00000cas a22000007a 4500</leader><controlfield tag="001">40907888</controlfield><controlfield tag="008">990305d198819uumdu x nd      0    0spa d</controlfield><datafield ind1=" " ind2=" " tag="010"><subfield code="a">sn 99063208 </subfield></datafield><datafield ind1=" " ind2=" " tag="040"><subfield code="a">DCN</subfield><subfield code="b">eng</subfield><subfield code="c">DCN</subfield><subfield code="d">DLC</subfield><subfield code="d">OCLCQ</subfield><subfield code="d">OCLCF</subfield><subfield code="d">OCLCO</subfield></datafield><datafield ind1=" " ind2=" " tag="042"><subfield code="a">msc</subfield></datafield><datafield ind1=" " ind2=" " tag="043"><subfield code="a">n-us-md</subfield></datafield><datafield ind1="0" ind2=" " tag="130"><subfield code="a">Imparcial (Laurel, Md.)</subfield></datafield><datafield ind1="1" ind2="3" tag="245"><subfield code="a">El imparcial.</subfield></datafield><datafield ind1=" " ind2=" " tag="260"><subfield code="a">Laurel, Md. :</subfield><subfield code="b">ILC Corp.</subfield></datafield><datafield ind1=" " ind2=" " tag="300"><subfield code="a">v.</subfield></datafield><datafield ind1="1" ind2=" " tag="362"><subfield code="a">Began in 1988.</subfield></datafield><datafield ind1=" " ind2=" " tag="588"><subfield code="a">Description based on: An&#771;o 1, num. 4 (1ro de julio - 15 de julio de 1988).</subfield></datafield><datafield ind1=" " ind2=" " tag="588"><subfield code="a">Latest issue consulted: An&#771;o 2, num. 33 (15 de Agosto de 1989).</subfield></datafield><datafield ind1=" " ind2="0" tag="650"><subfield code="a">Hispanic Americans</subfield><subfield code="v">Newspapers.</subfield></datafield><datafield ind1=" " ind2="0" tag="651"><subfield code="a">Maryland</subfield><subfield code="v">Newspapers.</subfield></datafield><datafield ind1=" " ind2="7" tag="655"><subfield code="a">Newspapers.</subfield><subfield code="2">fast</subfield><subfield code="0">(OCoLC)fst01423814</subfield></datafield><datafield ind1=" " ind2="7" tag="650"><subfield code="a">Hispanic Americans.</subfield><subfield code="2">fast</subfield><subfield code="0">(OCoLC)fst00957523</subfield></datafield><datafield ind1=" " ind2="7" tag="651"><subfield code="a">Maryland.</subfield><subfield code="2">fast</subfield><subfield code="0">(OCoLC)fst01204739</subfield></datafield><datafield ind1=" " ind2=" " tag="752"><subfield code="a">United States</subfield><subfield code="b">Maryland</subfield><subfield code="c">Prince Georges</subfield><subfield code="d">Laurel.</subfield></datafield></record>